@article{pradipta2020pengaruh,
  title={Pengaruh rata-rata lama sekolah dan pengangguran terbuka terhadap kemiskinan},
  author={Pradipta, Stepanie Ayu , Dewi, Retno Mustika},
  journal={Jurnal Pendidikan Ekonomi (JUPE)},
  volume={8},
  number={3},
  pages={109--115},
  year={2020}
}


@article{permatasari2024analisis,
  title={Analisis Pengaruh Rata Rata Lama Sekolah, Pengangguran dan Kemiskinan Terhadap Indeks Pembangunan Manusia di Provinsi Kalimantan Barat Tahun 2018-2022},
  author={Permatasari, Alya Dewanti ,  Arief , S,i, Pramu Mai},
  journal={Jurnal Ilmiah Wahana Pendidikan},
  volume={10},
  number={19},
  pages={168--180},
  year={2024}
}

@article{samudra2023pengaruh,
  title={Pengaruh Rata Lama Sekolah, Umur Harapan Hidup Serta PDRB Per Kapita Terhadap Kemiskinan Melalui Analisis Jalur Pengangguran di Daerah Istimewa Yogyakarta},
  author={Samudra, Ahmad Bayu Bagas , Wahed, Mohammad},
  journal={Journal of Economics , Business UBS},
  volume={12},
  number={3},
  pages={1432--1444},
  year={2023}
}

@article{supriyadi2024ketimpangn,
  title={KETIMPANGN, KEMISKINAN DAN RATA-RATA LAMA SEKOLAH TERHADAP KRIMINALITAS DI INDONESIA},
  author={Supriyadi, Restu  Mopangga, Herwin},
  journal={Jurnal Studi Ekonomi dan Pembangunan},
  volume={2},
  number={2},
  year={2024}
}



@article{muttaqin2025elastisitas,
  title={Elastisitas Kemiskinan terhadap Pertumbuhan Pengeluaran per Kapita di Jawa Barat 2017-2024},
  author={Muttaqin, Zaenal , Aos, Aos},
  journal={Syntax Literate; Jurnal Ilmiah Indonesia},
  volume={10},
  number={8},
  pages={6211--6219},
  year={2025}
}


@phdthesis{siregar2023analisis,
  title={Analisis Pengaruh Pengangguran, Pengeluaran Per Kapita, dan Indeks Pembangunan Manusia terhadap Kemiskinan di Sumatera Utara Tahun 2012-2021},
  author={Siregar, Dina Khalida},
  year={2023},
  school={Universitas Islam Indonesia}
}

@article{rabbani2025analisis,
  title={Analisis Pengaruh Pendidikan, Kesehatan dan Pengeluaran Per-Kapita Terhadap Kemiskinan di Papua Tahun 2019-2023},
  author={Rabbani, Ahmad Fakhri ,Calendula Aprido},
  journal={Journal of Macroeconomics , Social Development},
  volume={2},
  number={4},
  pages={11--11},
  year={2025}
}

@article{nugroho2020leading,
  title={Leading Indicators Kemiskinan Di Indonesia: Penerapan pada Outlook Jangka Pendek},
  author={Nugroho, Dhanie and Asmanto, Priadi and Adji, Ardi},
  journal={The Nasional Team For The Acceleration Of Poverty Reduction (TNP2K)},
  volume={92},
  number={11},
  pages={1--36},
  year={2020}
}


@article{munguia2024minimum,
  title={The Minimum Wage Impact on Poverty in Mexico},
  author={Munguia, Luis F and Lovera, Marco Antonio Gomez},
  year={2024}
}

@article{dantas2025non,
  title={Non-linear impact of minimum wage on poverty and inequality: when raising it fails to help: J. Dantas},
  author={Dantas, Jo{\~a}o},
  journal={The Journal of Economic Inequality},
  pages={1--23},
  year={2025},
  publisher={Springer}
}

@article{bassier2024can,
  title={Can minimum wages effectively reduce poverty under low compliance? A case study from the agricultural sector in South Africa},
  author={Bassier, Ihsaan and Ranchhod, Vimal},
  journal={Review of political economy},
  volume={36},
  number={2},
  pages={398--419},
  year={2024},
  publisher={Taylor , Francis}
}

@article{alaniz2011impact,
  title={The impact of minimum wages on wages, work and poverty in Nicaragua},
  author={Alaniz, Enrique and Gindling, Tim H and Terrell, Katherine},
  journal={Labour Economics},
  volume={18},
  pages={S45--S59},
  year={2011},
  publisher={Elsevier}
}
